2422 4024
417 109 638 174 ..53-

40 275 193 333 hereditas
215 275 255 330 ad
275 290 336 331 eum
359 276 503 348 pertineat
525 279 635 330 tanain
656 276 721 330 inre
743 274 828 339 ciuili,
850 276 907 330 sive
921 272 1011 328 hono·

39 377 104 418 rum
124 361 272 432 possessio
295 372 418 432 quoque.

130 444 160 501 9.
203 440 377 517 Papinianus.
420 441 496 498 Filia
522 444 551 498 in
579 457 659 497 causa
688 433 912 518 (canf)erencine
938 443 1012 498 dotis

42 537 165 603 accepta
193 525 328 584 bonorum
356 527 531 600 possessione
558 533 656 582 contra
682 524 786 582 tabulas
815 534 861 582 aut
888 527 1011 582 intestati

42 615 139 670 aetem
158 609 302 684 fratribus
326 602 482 688 (con)ferse
505 626 559 667 non
582 611 701 684 cogitur.

133 855 184 913 10.
218 848 269 931 [In
292 853 473 927 adoptionem
495 853 582 909 datas
602 854 681 925 fitius
702 854 788 912 neres
807 856 964 927 institutus,
988 855 1013 909 si

44 941 177 998 condicio
191 937 376 997 institutionis
391 941 546 1009 euasisset,
569 941 716 996 commisso
729 953 785 1011 per
805 939 893 995 alium
908 938 1010 1001 edicto,

45 1025 166 1083 eandem
182 1018 282 1100 quam]
306 1025 508 1093 emancipatus
521 1022 658 1080 bonarum
672 1023 874 1096 possessionem
890 1020 1012 1094 haberet,

44 1110 164 1182 ideoque
195 1109 295 1165 liberis
323 1114 350 1164 et
381 1104 545 1180 parentibus
577 1107 665 1179 primo
691 1107 756 1164 loco
787 1110 885 1181 iepnta
913 1104 1012 1164 relicta

43 1201 212 1268 praestaret,
248 1207 317 1266 quae
344 1207 399 1248 non
427 1192 591 1264 praestabit,
619 1195 646 1248 si
674 1190 801 1249 condicio
830 1191 1012 1248 institutionis

44 1277 168 1349 defecit.-
191 1284 220 1334 et
241 1283 310 1335 tanc
332 1279 382 1350 qui
402 1277 590 1333 hereditatem
612 1273 753 1348 adierunt,
783 1273 879 1331 tabulis
902 1289 1013 1350 quoque

44 1378 103 1418 uon
125 1362 258 1436 statuatis,
287 1367 421 1424 tuentur,·
448 1358 572 1416 defertur
600 1359 671 1415 euim
697 1374 732 1415 ne
759 1363 930 1432 nuncupatis
950 1362 1011 1432 qui-

43 1447 110 1503 dem
132 1448 227 1510 aliter,
251 1452 279 1503 et
300 1443 439 1521 possessio
461 1445 519 1501 eius
542 1442 626 1499 valuit
647 1459 703 1500 nou
725 1444 812 1518 mapis
833 1459 920 1517 qnam
934 1444 1013 1500 anle-

45 1538 102 1602 ret‚
124 1531 148 1585 si
170 1530 273 1603 primus
296 1529 398 1604 gradus
419 1535 525 1601 ruptas
547 1533 631 1584 esset.
642 1518 663 1599 ¹)

134 1614 183 1670 11.
219 1614 256 1670 In
278 1627 311 1672 eo
331 1613 441 1688 prada,
468 1630 486 1669 a
508 1628 564 1684 quo
586 1610 765 1668 exheredatus
790 1610 934 1684 nonius,
961 1626 1012 1684 po·

43 1706 137 1755 stumo
160 1705 263 1755 eontra
286 1698 402 1756 tabulas
424 1699 468 1754 oei
489 1697 723 1771 nuncupationem
746 1696 802 1769 peti
824 1712 906 1771 posse
926 1692 1014 1751 bono·

44 1799 107 1839 rum
121 1784 323 1856 possessionem
336 1783 458 1855 placuit
477 1783 534 1853 lapi
555 1779 684 1837 Vellceae
699 1781 771 1837 enim
786 1797 841 1836 uon
857 1780 1012 1842 offenditur,

45 1883 114 1925 cum
135 1883 191 1924 non
214 1870 265 1940 sit,
292 1873 324 1924 ut
347 1869 405 1922 eius
428 1863 549 1935 heredis,
579 1865 625 1939 qui
647 1864 735 1938 legem
761 1863 894 1935 excludit,
925 1870 1012 1922 testa·

51 1951 200 2011 mentaria.

136 2035 184 2092 12.
222 2036 274 2093 Eoo
298 2037 357 2108 filio
383 2035 490 2091 herede
516 2032 594 2106 facto
623 2031 818 2107 neposauum
845 2037 1013 2088 extraneum

45 2135 169 2195 sequens
191 2118 356 2176 substitutus
379 2124 473 2175 eontra
496 2119 614 2175 tabulas
639 2117 778 2174 bonorum
800 2120 1014 2189 passessionem

45 2221 107 2263 nan
129 2206 250 2279 accipit,
281 2204 408 2278 quoniam
431 2199 485 2277 (e)i
510 2218 566 2258 nou
594 2203 723 2275 prodest,
752 2202 830 2275 qnod
850 2206 948 2275 peina
976 2199 1013 2257 ab

47 2307 103 2348 aaa
125 2305 177 2346 suo
199 2289 364 2363 praeteritus
387 2295 445 2359 est,
474 2303 553 2364 quem
576 2292 668 2358 pater
685 2287 840 2358 praecedit
865 2293 931 2358 post
952 2301 1014 2342 suc·

46 2390 200 2431 cessurum.

135 2457 184 2515 13.
222 2455 293 2514 Inre
315 2457 394 2515 cissis·
414 2458 503 2527 tueri,
528 2455 574 2529 qui
596 2470 651 2510 nou
673 2455 733 2510 iure
749 2453 895 2511 honorario
910 2461 1012 2528 potest,

46 2549 80 2599 nt
103 2544 154 2612 qui
174 2545 265 2598 uxori
285 2543 330 2598 uel
350 2556 426 2597 nosos
447 2541 472 2595 ei
494 2539 666 2595 matrimonio
688 2540 828 2594 successit.

136 2623 186 2681 14.
223 2623 291 2681 Cum
317 2625 353 2681 de
379 2627 444 2680 iure
472 2625 637 2679 testamenti
660 2621 834 2694 disputatur,
862 2621 909 2696 qui
930 2630 1014 2697 negat

47 2724 141 2784 neque
163 2709 197 2767 ab
219 2709 249 2765 ta
265 2710 389 2782 probat,
412 2714 462 2764 aut
485 2707 559 2763 sicut
573 2707 601 2761 iu
615 2713 698 2778 rupto
713 2709 877 2763 testamento
895 2707 1015 2780 probat,

47 2801 144 2852 tamen
172 2794 310 2851 bonarum
337 2792 539 2867 possessionem
565 2789 614 2846 sed
640 2798 735 2847 contra
763 2789 867 2847 tabulas
895 2794 1014 2866 accipit,

48 2883 119 2953 qnia
142 2894 235 2937 eausa
257 2880 415 2936 liberarum
435 2865 688 2949 prae²)tenitaran
713 2875 812 2932 melior
834 2875 949 2933 videtur.

137 2963 185 3022 15.
222 2957 269 3038 [u.
294 2968 322 3020 s.
346 2962 381 3019 o.
405 2961 441 3018 aa
462 2961 519 3018 oon
542 2961 639 3017 aazia.
664 2961 711 3027 37,
729 2954 773 3037 7].

141 3151 162 3219 ¹)
186 3151 218 3200 In
241 3149 359 3215 maraine
381 3149 485 3214 plossoe
507 3147 575 3196 dnae
593 3148 693 3210 purtim
713 3144 813 3196 Graece
830 3125 1018 3212 scriptae'iepi

50 3242 102 3277 non
118 3228 268 3289 potnerunt.
352 3215 373 3285 ¹)
394 3219 449 3268 Pae
467 3218 516 3268 hoc
534 3232 611 3268 versu
630 3232 712 3267 vacuo
736 3218 763 3266 in
783 3218 836 3279 fine
855 3217 950 3266 titteris
968 3218 1016 3265 mi·

49 3297 121 3346 natis
138 3295 256 3345 additam
274 3298 311 3341 est
329 3290 394 3354 lpiuo
413 3287 560 3357 (vulpiani).

454 3458 614 3472 ——.—..—-—
