2422 4024
579 136 797 202 „52-

1199 187 1201 234 t

534 299 658 360 nnurnsi
678 315 841 358 rsermsnr
1199 239 1201 366 i

251 405 293 446 nx
313 402 408 446 mnne
430 406 453 448 v
474 400 702 445 nnseonsonnn
725 400 808 450 onsn
829 398 923 442 nomo
947 396 1128 441 normanno
1200 401 1201 452 i

487 487 607 530 numne
632 484 774 530 sennenn
796 485 888 528 snsn.
1199 459 1201 516 t

209 608 213 616 ’
296 603 323 659 1.
358 603 477 660 ’futores
506 599 610 658 absenti
632 641 758 653 .....
787 615 895 655 anunm
916 601 920 663 Ι
939 573 1013 652 iiiiii
1031 593 1167 668 inplesset,
1200 571 1201 616 ἶ

209 705 227 743 n
241 730 329 741 .....
345 686 496 760 enirntores
520 683 617 741 suiad
635 725 772 737 .......
795 685 882 749 irunt
903 683 1004 738 iustie
1012 721 1102 734 ......
1113 687 1168 744 tne-
1200 699 1201 736 t

208 787 261 844 qne
284 770 404 828 offici..
456 777 559 837 ...tt
571 768 688 844 plnenit‚
711 776 743 824 ut
758 809 889 822 ......

295 872 323 930 2.
348 868 395 948 [i.
420 879 508 946 5pr
482 873 566 930 r.D
590 871 705 945 qnando
728 885 768 930 en
787 869 871 943 foeta
894 874 944 925 tut.
970 862 1034 943 (26,
1050 859 1097 943 9)]

424 963 451 1014 5.
476 953 497 1030 ξ
522 960 547 1014 1.
571 957 607 1014 Ι).
631 949 709 1031 aaa]

474 1042 511 1098 D.
535 1057 570 1098 eo
570 1033 614 1116 d.]

489 1126 528 1182 Ι).
551 1126 690 1196 desusp.
714 1130 765 1184 tut.
787 1116 934 1201 (26‚10)]

442 1130 466 1182 l.

295 951 398 1032 3..[n

293 1035 572 1203 tuse

295 1349 325 1409 6.
350 1345 395 1428 [L.
412 1353 457 1410 39.
474 1346 516 1426 ἕξ
534 1353 570 1407 3.
590 1392 595 1404 .
615 1392 621 1403 .
639 1353 668 1406 5.
683 1349 718 1406 D.
734 1335 769 1405 iie
785 1349 859 1405 adm.
877 1355 904 1404 et
913 1349 1009 1421 peric.
1026 1339 1092 1426 (26,
1104 1340 1150 1422 7)]

296 1591 324 1651 7.
350 1635 355 1646 .
379 1636 385 1647 .
410 1635 416 1646 .
441 1614 448 1646 ;
473 1587 594 1668 [talibus
621 1608 679 1649 uon
702 1593 863 1663 opitulatur
884 1585 943 1668 ins]
968 1591 1046 1650 civile
1068 1591 1170 1665 nepoti·

211 1674 271 1733 bus.
316 1677 389 1749 qnod
422 1692 487 1733 vero
521 1682 624 1735 eontra
652 1675 769 1734 tabutas
798 1677 936 1733 banorum
962 1679 1170 1750 passessionem

208 1768 307 1835 petere
335 1776 390 1817 non
417 1762 542 1836 cogitur,
568 1777 604 1818 ne
632 1763 777 1818 minuatur
803 1775 887 1818 suum
910 1764 968 1833 ius,
998 1777 1063 1834 eum
1089 1775 1170 1833 nepos

210 1852 242 1902 ut
264 1843 336 1900 iilius
358 1848 500 1908 semissem
525 1847 647 1919 habeat,
675 1861 731 1902 non
758 1844 842 1901 minui
871 1844 933 1901 talis
960 1852 1004 1902 est
1029 1845 1092 1901 vitii
1117 1861 1170 1901 nau

208 1929 338 2002 ferendi,
372 1931 445 2005 quod
468 1945 500 1986 en
523 1928 594 1987 fitne
616 1945 731 2005 persana
753 1932 883 2002 sequitur
905 1935 933 1986 et
952 1946 1009 2003 per
1030 1930 1172 2003 exeeptis·

210 2031 272 2072 nem
301 2015 357 2072 doli
383 2014 491 2090 placuit.
512 2016 660 2074 emendari
686 2020 837 2086 oportere,
868 2031 919 2081 ac,
952 2018 982 2071 si
1004 2015 1124 2087 scriptus
1151 2018 1170 2070 is

210 2097 282 2155 iilius
305 2115 355 2175 per
376 2099 496 2158 fratrem
518 2103 725 2173 emancipatum
747 2114 777 2154 se
796 2099 973 2172 praeteritum
992 2101 1084 2156 edicta
1100 2116 1171 2156 eam·

210 2187 295 2241 missa
318 2190 414 2239 eontra
437 2183 540 2240 tabulas
562 2183 639 2240 solus
665 2183 869 2257 possessionem
892 2187 1021 2256 aceepit,
1050 2189 1083 2239 ut
1107 2200 1172 2256 per·

210 2271 290 2324 sanis
312 2268 441 2324 extrariis
463 2268 552 2340 legata
574 2273 715 2342 praestare
736 2283 794 2324 nau
814 2268 945 2339 deberet,
976 2261 1172 2344 eomm(is)isse

209 2350 334 2422 videtur,
363 2366 533 2425 quamquam
555 2358 753 2409 testamentum
775 2353 859 2426 patris
885 2352 956 2409 tueri
978 2356 1070 2425 potuit
1091 2353 1170 2408 itere-

210 2435 327 2492 uitatem
349 2435 492 2494 adeunda.
526 2435 609 2511 idque
632 2436 727 2510 optimi
749 2436 912 2511 maximique
928 2437 1066 2511 principes
1084 2439 1172 2494 nostri

211 2524 428 2592 rescripserunt
450 2528 478 2577 et
500 2524 643 2578 sententia
659 2519 712 2576 divi
728 2519 853 2576 Hadriani
874 2521 902 2577 in
917 2536 1033 2595 persons
1050 2519 1171 2578 Cornelii

210 2605 356 2662 Prisciani
379 2605 584 2667 demonstravit.
1197 2615 1198 2672 i

297 2689 326 2746 8.
353 2683 399 2765 [L.
425 2693 472 2746 22.
495 2690 677 2747 naemu.
703 2703 782 2762 poss.
806 2704 831 2745 e.
856 2695 875 2744 t.
900 2691 946 2760 37,
972 2683 1006 2767 4]
1036 2689 1170 2747 Bonorum

211 2773 387 2846 possessione
408 2781 503 2829 eontra
527 2773 631 2832 tabulas
650 2774 818 2847 emancipato
828 2767 850 2848 ¹)
872 2775 1020 2846 praeterito
1043 2771 1099 2830 filio
1116 2773 1172 2829 dats
1196 2843 1197 2850 ἵ

211 2853 331 2930 scriptus
353 2857 433 2912 heres
455 2857 524 2914 altor
539 2856 626 2930 fliius,
650 2860 697 2932 qni
711 2858 914 2932 possessionem
935 2858 1040 2932 saoepit
1059 2857 1102 2915 vel
1117 2860 1172 2914 iure

212 2939 283 2998 civili
305 2947 451 2998 contentus
473 2957 528 2999 non
551 2944 668 3018 aceepit,
696 2941 786 3016 iegato
807 2941 951 3016 praecipua
979 2959 1035 2999 non
1056 2941 1172 3000 habehit.

298 3023 436 3082 PAULUS.
473 3025 545 3102 Ergo
574 3029 603 3086 in
630 3024 702 3094 tilio.
730 3027 776 3100 qui
798 3028 920 3085 coheres
941 3029 1069 3100 scriptus
1090 3028 1172 3085 bono·

212 3125 316 3166 norum
329 3116 538 3182 possessionem
553 3112 643 3187 potuit
654 3120 768 3183 petere,
791 3111 1067 3185 commentabitur,
1088 3105 1174 3184 ²)siue

287 3295 306 3364 ¹)
329 3299 408 3349 Hauc
431 3313 517 3349 rocem
535 3300 654 3349 omissam
676 3299 846 3363 supplendam
870 3313 938 3358 esse,
966 3275 1051 3349 monet
1074 3299 1101 3348 ia
1123 3300 1195 3380 fine

211 3375 274 3419 noia
291 3368 393 3418 Graeca
407 3370 567 3419 correctoris
581 3371 774 3420 interlinearis:
792 3369 859 3433 Pinp.
873 3368 919 3435 (aa
933 3367 1060 3435 nepueu)
1075 3361 1173 3422 ἐλθόν·

212 3453 261 3498 τος
278 3441 428 3504 emancipato
447 3445 550 3502 praeter.

287 3505 310 3575 ¹)
330 3509 464 3559 Hactenus
483 3509 610 3560 librarius
629 3510 708 3560 Pauli
726 3519 811 3562 notam
827 3525 966 3574 perperam
984 3511 1024 3560 iris
1042 3513 1156 3576 scripsit
